<?xml version="1.0" encoding="UTF-8"?>
<record xmlns="http://www.loc.gov/MARC21/slim">
   <leader>01708cam a22003255  4500</leader>
   <controlfield tag="001">2786654</controlfield>
   <controlfield tag="003">NjP</controlfield>
   <controlfield tag="005">20190705144903.0</controlfield>
   <controlfield tag="008">991115s1901    ua            000 0 ara d</controlfield>
   <datafield tag="024" ind1="7" ind2=" ">
      <subfield code="a">princeton_aco004348</subfield>
      <subfield code="2">local</subfield>
   </datafield>
   <datafield ind1=" " ind2=" " tag="040">
      <subfield code="a">PUL</subfield>
      <subfield code="c">PUL</subfield>
      <subfield code="d">PUL</subfield>
   </datafield>
   <datafield ind1=" " ind2=" " tag="035">
      <subfield code="9">CNJ5532TS</subfield>
   </datafield>
   <datafield ind1=" " ind2=" " tag="035">
      <subfield code="a">(NjP)2786654</subfield>
   </datafield>
   <datafield ind1=" " ind2=" " tag="049">
      <subfield code="a">PULL</subfield>
   </datafield>
   <datafield ind1=" " ind2=" " tag="035">
      <subfield code="a">(OCoLC)ocm42829846</subfield>
   </datafield>
   <datafield ind1="1" ind2=" " tag="100">
      <subfield code="6">880-01</subfield>
      <subfield code="a">Taftāzānī, Masʻūd ibn ʻUmar,</subfield>
      <subfield code="d">1322-1389?</subfield>
      <subfield code="0">http://id.loc.gov/authorities/names/n79106223</subfield>
   </datafield>
   <datafield ind1="0" ind2="0" tag="245">
      <subfield code="6">880-02</subfield>
      <subfield code="a">Ḥāshiyat al-ʻallāmah Saʻd al-Dīn al-Taftāzānī ...</subfield>
      <subfield code="c">wa-ḥāshiyat ... al-Jurjānī ... ʻalā sharḥ al-qāḍī ʻAḍud ... li-Mukhtaṣar al-Muntahā.</subfield>
   </datafield>
   <datafield ind1=" " ind2=" " tag="260">
      <subfield code="6">880-03</subfield>
      <subfield code="a">Būlāq,</subfield>
      <subfield code="c">1316-17 [1898-1900; i.e. 1319/1901]</subfield>
   </datafield>
   <datafield ind1=" " ind2=" " tag="300">
      <subfield code="a">2 pt. in 1 v.</subfield>
      <subfield code="c">28 cm.</subfield>
   </datafield>
   <datafield ind1=" " ind2=" " tag="500">
      <subfield code="a">In Arabic.</subfield>
   </datafield>
   <datafield ind1=" " ind2=" " tag="590">
      <subfield code="a">Photocopy.</subfield>
   </datafield>
   <datafield ind1="1" ind2="0" tag="600">
      <subfield code="6">880-04</subfield>
      <subfield code="a">Ibn al-Ḥājib, ʻUthmān ibn ʻUmar,</subfield>
      <subfield code="d">1175-1249.</subfield>
      <subfield code="t">Mukhtaṣar al-Muntahá.</subfield>
   </datafield>
   <datafield ind1="1" ind2=" " tag="700">
      <subfield code="6">880-05</subfield>
      <subfield code="a">Jurjānī, ʻAlī ibn Muḥammad,</subfield>
      <subfield code="c">al-Sayyid al-Sharīf,</subfield>
      <subfield code="d">1340-1413.</subfield>
      <subfield code="0">http://id.loc.gov/authorities/names/n88286025</subfield>
   </datafield>
   <datafield ind1="1" ind2=" " tag="880">
      <subfield code="6">100-01/r</subfield>
      <subfield code="a">تفتازان، سعد الدين مسعود بن عمر،</subfield>
      <subfield code="d">1322-. 1390.</subfield>
   </datafield>
   <datafield ind1="0" ind2="0" tag="880">
      <subfield code="6">245-02/r</subfield>
      <subfield code="a">حاشية العلامة سعد الدين التفتازاني ...</subfield>
      <subfield code="c">وحاشية ... الجرجاني ... على شرح القاضي عضد ... لمختصر المنتها.</subfield>
   </datafield>
   <datafield ind1=" " ind2=" " tag="880">
      <subfield code="6">260-03/r</subfield>
      <subfield code="a">بولاق،</subfield>
      <subfield code="c">1316-17 [1898-1900؛ ا.. 1319/1901]</subfield>
   </datafield>
   <datafield ind1="1" ind2="0" tag="880">
      <subfield code="6">600-04/r</subfield>
      <subfield code="a">ابن الحاجب، عثمان بن عمر،</subfield>
      <subfield code="d">1175-1249.</subfield>
      <subfield code="t">مختصر المنتهى.</subfield>
   </datafield>
   <datafield ind1="1" ind2=" " tag="880">
      <subfield code="6">700-05/r</subfield>
      <subfield code="a">جرجاني، علي بن محمد،</subfield>
      <subfield code="c">السيد الشريف،</subfield>
      <subfield code="d">1340-1413.</subfield>
   </datafield>
   <datafield ind1=" " ind2=" " tag="911">
      <subfield code="a">20000130</subfield>
   </datafield>
   <datafield ind1=" " ind2=" " tag="994">
      <subfield code="a">C0</subfield>
      <subfield code="b">PUL</subfield>
   </datafield>
   <datafield ind1=" " ind2=" " tag="999">
      <subfield code="a">2786654</subfield>
   </datafield>
   <datafield ind1=" " ind2=" " tag="979">
      <subfield code="a">(OCoLC)ocn178675799</subfield>
   </datafield>
   <datafield ind1="8" ind2="0" tag="852">
      <subfield code="0">3097614</subfield>
      <subfield code="b">rcppa</subfield>
      <subfield code="t">1</subfield>
      <subfield code="h">2271.40883.944</subfield>
      <subfield code="x">tr fr f</subfield>
   </datafield>
   <datafield ind1=" " ind2="0" tag="866">
      <subfield code="0">3097614</subfield>
      <subfield code="a">v. 1</subfield>
   </datafield>
   <datafield ind1=" " ind2=" " tag="959">
      <subfield code="a">2003-03-28 11:10:50 -0500</subfield>
   </datafield>
</record>
